@online{site:kaggle,
	title = {iWildCam 2022 - FGVC9},
	date = {2022},
	url = {https://www.kaggle.com/competitions/iwildcam2022-fgvc9},
	sortkey = {site},
	label = {site},
}

@online{site:bbva,
	title = {High-Tech Ways to Monitor and Protect Threatened Wildlife},
	date = {2022},
	url = {https://www.bbvaopenmind.com/en/science/bioscience/high-tech-to-monitor-protect-threatened-wildlife/},
	sortkey = {site},
	label = {site},
}