@book{eco:tesi,
	author = {Eco, Umberto},
	title = {Come si fa una tesi di laurea},
	publisher = {Bompiani},
	date = {1977},
	location = {Milano},
}